% This file was created with JabRef 2.7.2.
% Encoding: Cp1252

@BOOK{Test,
  title = {Elektromagnetische Verträglichkeit},
  publisher = {Springer-Verlag},
  year = {2007},
  author = {Schwab, Adolf J.},
  note = {5. Auflage}
}